<record><leader>00000cas a22000007a 4500</leader><controlfield tag="001">41028324</controlfield><controlfield tag="008">990324d1899190utnuwr ne      0    0eng d</controlfield><datafield ind1=" " ind2=" " tag="010"><subfield code="a">sn 99065764 </subfield></datafield><datafield ind1=" " ind2=" " tag="040"><subfield code="a">TGN</subfield><subfield code="b">eng</subfield><subfield code="c">TGN</subfield><subfield code="d">OCLCF</subfield><subfield code="d">OCLCO</subfield></datafield><datafield ind1=" " ind2=" " tag="042"><subfield code="a">msc</subfield></datafield><datafield ind1="0" ind2="4" tag="245"><subfield code="a">The Mt. Pleasant chronicle.</subfield></datafield><datafield ind1="3" ind2=" " tag="246"><subfield code="a">Mount Pleasant chronicle</subfield></datafield><datafield ind1=" " ind2=" " tag="260"><subfield code="a">Mt. Pleasant, Tenn. :</subfield><subfield code="b">Jackson &amp; Gordon,</subfield><subfield code="c">1899-</subfield></datafield><datafield ind1=" " ind2=" " tag="300"><subfield code="a">v.</subfield></datafield><datafield ind1=" " ind2=" " tag="310"><subfield code="a">Weekly</subfield></datafield><datafield ind1="0" ind2=" " tag="362"><subfield code="a">Vol. 1, no. 1 (Jan. 12, 1899)-</subfield></datafield><datafield ind1=" " ind2=" " tag="500"><subfield code="a">Publishers: R.C. Jackson &amp; D.M. Gordon, &lt;1899&gt;; R.C. Jackson, &lt;1900-1905&gt;</subfield></datafield><datafield ind1=" " ind2="0" tag="651"><subfield code="a">Mount Pleasant (Tenn.)</subfield><subfield code="v">Newspapers.</subfield></datafield><datafield ind1=" " ind2="0" tag="651"><subfield code="a">Maury County (Tenn.)</subfield><subfield code="v">Newspapers.</subfield></datafield><datafield ind1=" " ind2="7" tag="655"><subfield code="a">Newspapers.</subfield><subfield code="2">fast</subfield><subfield code="0">(OCoLC)fst01423814</subfield></datafield><datafield ind1=" " ind2="7" tag="651"><subfield code="a">Tennessee</subfield><subfield code="z">Maury County.</subfield><subfield code="2">fast</subfield><subfield code="0">(OCoLC)fst01211410</subfield></datafield><datafield ind1=" " ind2="7" tag="651"><subfield code="a">Tennessee</subfield><subfield code="z">Mount Pleasant.</subfield><subfield code="2">fast</subfield><subfield code="0">(OCoLC)fst01229531</subfield></datafield><datafield ind1=" " ind2=" " tag="752"><subfield code="a">United States</subfield><subfield code="b">Tennessee</subfield><subfield code="c">Maury</subfield><subfield code="d">Mount Pleasant.</subfield></datafield></record>